@Book{xie2015,
  title = {Dynamic Documents with {R} and knitr},
  author = {Yihui Xie},
  publisher = {Chapman and Hall/CRC},
  address = {Boca Raton, Florida},
  year = {2015},
  edition = {2nd},
  note = {ISBN 978-1498716963},
  url = {http://yihui.name/knitr/},
}

@book{mewburn2018ebook,
  title={How to Fix Your Academic Writing Trouble: A Practical Guide},
  author={Mewburn, Inger and Firth, Katherine and Lehmann, Shaun},
  year={2018},
  publisher={McGraw-Hill Education (UK)}
}

@book{xie2016bookdown,
  title={Bookdown: authoring books and technical documents with R markdown},
  author={Xie, Yihui},
  year={2016},
  publisher={Chapman and Hall/CRC}
}
@incollection{booth_chapter_2016,
	address = {Chicago},
	edition = {Fourth edition},
	title = {Chapter 3: {From} {Topics} to {Questions}},
	isbn = {978-0-226-23973-6},
	language = {English},
	booktitle = {The {Craft} of {Research}, {Fourth} {Edition}},
	publisher = {University of Chicago Press},
	author = {Booth, Wayne C. and Colomb, Gregory G. and Williams, Joseph M. and Bizup, Joseph and FitzGerald, William T.},
	month = oct,
	year = {2016},
	pages = {33--48},
}
